<record xmlns="http://www.loc.gov/MARC21/slim" xmlns:xsi="http://www.w3.org/2001/XMLSchema-instance" xsi:schemaLocation="http://www.loc.gov/MARC21/slim http://www.loc.gov/standards/marcxml/schema/MARC21slim.xsd"><leader>02142nam a2200433   4500</leader><controlfield tag="001">3072161</controlfield><controlfield tag="003">NNC</controlfield><controlfield tag="006">m        d        </controlfield><controlfield tag="007">cr cn |||m|||a</controlfield><controlfield tag="008">150110s1933    ua      o     000 0 ara d</controlfield><datafield ind1=" " ind2=" " tag="040"><subfield code="a">NNU</subfield><subfield code="b">eng</subfield><subfield code="e">rda</subfield><subfield code="c">NNU</subfield></datafield><datafield ind1=" " ind2=" " tag="043"><subfield code="a">f-ua---</subfield></datafield><datafield ind1=" " ind2="4" tag="050"><subfield code="a">DT95.5</subfield><subfield code="b">.I24 1933</subfield></datafield><datafield ind1="1" ind2=" " tag="100"><subfield code="6">880-01</subfield><subfield code="a">Ibn Zu&#772;la&#772;q al-Laythi&#772;, Abu&#772; Muh&#803;ammad al-H&#803;asan,</subfield><subfield code="d">-998.</subfield></datafield><datafield ind1="1" ind2="0" tag="245"><subfield code="6">880-02</subfield><subfield code="a">Kita&#772;b akhba&#772;r Si&#772;bawayhi al-Mis&#803;ri&#772; :</subfield><subfield code="b">wa-huwa ghayr Si&#772;bawayhi al-nah&#803;wi&#772;, &#699;ilm, wa-adab, wa-ta&#772;ri&#772;kh /</subfield><subfield code="c">Muh&#803;ammad Ibra&#772;hi&#772;m Sa&#699;ad wa-H&#803;usayn al-Di&#772;b.</subfield></datafield><datafield ind1=" " ind2=" " tag="250"><subfield code="6">880-03</subfield><subfield code="a">al-T&#803;ab&#699;ah 1.</subfield></datafield><datafield ind1=" " ind2=" " tag="260"><subfield code="6">880-04</subfield><subfield code="a">Mis&#803;r :</subfield><subfield code="b">Mat&#803;bu&#699;ah al-Nas&#803;r,</subfield><subfield code="c">[1933]</subfield></datafield><datafield ind1=" " ind2=" " tag="300"><subfield code="a">online resource (4, 88 pages)</subfield></datafield><datafield ind1=" " ind2=" " tag="336"><subfield code="a">text</subfield><subfield code="2">rdacontent</subfield></datafield><datafield ind1=" " ind2=" " tag="337"><subfield code="a">computer</subfield><subfield code="2">rdamedia</subfield></datafield><datafield ind1=" " ind2=" " tag="338"><subfield code="a">online resource</subfield><subfield code="2">rdacarrier</subfield></datafield><datafield ind1=" " ind2=" " tag="500"><subfield code="a">Part of the Arabic Collections Online (ACO) project, contributed by Columbia University Libraries.</subfield></datafield><datafield ind1=" " ind2=" " tag="533"><subfield code="a">Electronic reproduction.</subfield><subfield code="b">New York, N.Y. :</subfield><subfield code="c">New York University,</subfield><subfield code="d">2015.</subfield><subfield code="5">NNU</subfield></datafield><datafield ind1="1" ind2="0" tag="600"><subfield code="a">Sayrafi&#772;, Muh&#803;ammad ibn Mu&#772;sa&#769;</subfield></datafield><datafield ind1=" " ind2="0" tag="651"><subfield code="a">Egypt</subfield><subfield code="x">History</subfield><subfield code="y">640-1250.</subfield></datafield><datafield ind1="1" ind2=" " tag="700"><subfield code="6">880-05</subfield><subfield code="a">Sa&#699;d, Muh&#803;ammad Ibra&#772;hi&#772;m.</subfield></datafield><datafield ind1="1" ind2=" " tag="700"><subfield code="6">880-06</subfield><subfield code="a">Di&#772;b, H&#803;usayn.</subfield></datafield><datafield ind1="2" ind2=" " tag="710"><subfield code="a">Columbia University.</subfield><subfield code="b">Libraries.</subfield></datafield><datafield ind1="0" ind2=" " tag="730"><subfield code="a">Arabic Collections Online.</subfield></datafield><datafield ind1="0" ind2="8" tag="776"><subfield code="i">Print version:</subfield><subfield code="a">Ibn Zu&#772;la&#772;q al-Laythi&#772;, Abu&#772; Muh&#803;ammad al-H&#803;asan, -998.</subfield><subfield code="t">Kita&#772;b akhba&#772;r Si&#772;bawayhi al-Mis&#803;ri&#772;</subfield><subfield code="w">(NNC)3072161</subfield><subfield code="w">(OCoLC)25603962</subfield></datafield><datafield ind1="4" ind2="0" tag="856"><subfield code="u">http://hdl.handle.net/2333.1/w9ghx5cc</subfield></datafield><datafield ind1="1" ind2=" " tag="880"><subfield code="6">100-01/r</subfield><subfield code="a">&#1575;&#1576;&#1606; &#1586;&#1608;&#1604;&#1575;&#1602; &#1575;&#1604;&#1604;&#1610;&#1579;&#1610;&#1548; &#1575;&#1576;&#1608; &#1605;&#1581;&#1605;&#1583; &#1575;&#1604;&#1581;&#1587;&#1606;&#1548; </subfield><subfield code="d">-998.</subfield></datafield><datafield ind1="1" ind2="0" tag="880"><subfield code="6">245-02/r</subfield><subfield code="a">&#1603;&#1578;&#1575;&#1576; &#1575;&#1582;&#1576;&#1575;&#1585; &#1587;&#1610;&#1576;&#1608;&#1610;&#1607; &#1575;&#1604;&#1605;&#1589;&#1585;&#1610; :</subfield><subfield code="b">&#1608;&#1607;&#1608; &#1594;&#1610;&#1585; &#1587;&#1610;&#1576;&#1608;&#1610;&#1607; &#1575;&#1604;&#1606;&#1581;&#1608;&#1610;&#1548; &#1593;&#1604;&#1605;&#1548; &#1608;&#1575;&#1583;&#1576;&#1548; &#1608;&#1578;&#1575;&#1585;&#1610;&#1582; /</subfield><subfield code="c">&#1605;&#1581;&#1605;&#1583; &#1575;&#1576;&#1585;&#1575;&#1607;&#1610;&#1605; &#1587;&#1593;&#1583; &#1608;&#1581;&#1587;&#1610;&#1606; &#1575;&#1604;&#1583;&#1610;&#1576;.</subfield></datafield><datafield ind1=" " ind2=" " tag="880"><subfield code="6">250-03/r</subfield><subfield code="a">&#1575;&#1604;&#1591;&#1576;&#1593;&#1577; 1.</subfield></datafield><datafield ind1=" " ind2=" " tag="880"><subfield code="6">260-04/r</subfield><subfield code="a">&#1605;&#1589;&#1585; :</subfield><subfield code="b">&#1605;&#1591;&#1576;&#1593;&#1577; &#1575;&#1604;&#1606;&#1589;&#1585;&#1548;</subfield><subfield code="c">[1933]</subfield></datafield><datafield ind1="1" ind2=" " tag="880"><subfield code="6">700-05/r</subfield><subfield code="a">&#1587;&#1593;&#1583;&#1548; &#1605;&#1581;&#1605;&#1583; &#1575;&#1576;&#1585;&#1575;&#1607;&#1610;&#1605;.</subfield></datafield><datafield ind1="1" ind2=" " tag="880"><subfield code="6">700-06/r</subfield><subfield code="a">&#1583;&#1610;&#1576;&#1548; &#1581;&#1587;&#1610;&#1606;.</subfield></datafield><datafield ind1=" " ind2=" " tag="959"><subfield code="a">NNU</subfield><subfield code="b">WEB</subfield><subfield code="c">GENI</subfield><subfield code="t">0</subfield><subfield code="m">Electronic access</subfield><subfield code="s">01</subfield></datafield><datafield ind1=" " ind2=" " tag="999"><subfield code="i">NNC_3072161</subfield><subfield code="o">(OCoLC)25603962</subfield></datafield></record>